@article{griffiths2011indian,
  title={The indian buffet process: An introduction and review},
  author={Griffiths, Thomas L and Ghahramani, Zoubin},
  journal={Journal of Machine Learning Research},
  volume={12},
  number={Apr},
  pages={1185--1224},
  year={2011}
}

@inproceedings{williamson2010dependent,
  title={Dependent Indian Buffet Processes},
  author={Williamson, Sinead and Orbanz, Peter and Ghahramani, Zoubin},
  booktitle={International Conference on Artificial Intelligence and Statistics},
  pages={924--931},
  year={2010}
}

@inproceedings{teh2007stick,
  title={Stick-breaking Construction for the Indian Buffet Process.},
  author={Teh, Yee Whye}
}


